@BOOK{sample.book,
  title = {{somebooktitle}},
  publisher = {somepublisher},
  year = {2019},
  author = {A. Author},
  address = {Weinheim},
  owner = {gunst},
  timestamp = {2013.05.31}
}

