@article{SampleComment,
  note = {Add comment in the references here}
}

