@ARTICLE{ENSDF,
  journal = {Nuclear Structure and Decay Databases},
  year = {2015},
  note = {\url{http://www.nndc.bnl.gov/}},
  owner = {gunst},
  timestamp = {2013.05.31},
  url = {http://www.nndc.bnl.gov/}
}




