@BOOK{sample.book,
  title = {{somebooktitle}},
  publisher = {somepublisher},
  year = {2019},
  author = {A. Author},
  address = {Weinheim},
  owner = {gunst},
  timestamp = {2013.05.31}
}

@book{weinberg2005,
      author         = "Weinberg, Steven",
      title          = "{The Quantum theory of fields. Vol. 1: Foundations}",
      edition        = "3",
      publisher      = "Cambridge University Press",
      year           = "2005",
      ISBN           = "9780521670531, 9780511252044",
}

@book{peskin1995,
      author         = "Peskin, Michael E. and Schroeder, Daniel V.",
      title          = "{An Introduction to quantum field theory}",
      publisher      = "Addison-Wesley",
      year           = "1995",
      ISBN           = "9780201503975, 0201503972",
}

@book{itzykson2005,
      author         = "Itzykson, Claude and Zuber, Jean-Bernard",
      title          = "{Quantum field theory}",
      publisher      = "Dover",
      year           = "2005",
}