@techreport{TDRSample,
  title = {{Some Title}},
  publisher = {Some Publisher},
  year = {2009},
  author = {M. Author},
  address = {Hamburg},
  institution = {Institut},
  organization = {Organisation},
  owner = {gunst},
  timestamp = {2013.07.17}
}






