@article{Michel2018,
author = {Niklas Michel},
title = {Testentry},
journal = {Test journal},
volume = {11},
number = {1},
pages = {111-222},
year = {2018},
doi = {12.1234/00101234.2018.123456},
URL = {http://dx.doi.org/12.1234/00101234.2018.123456},
eprint = {http://dx.doi.org/12.1234/00101234.2018.123456}
}
