@article{ENSDF,
	journal = {Evaluated Nuclear Structure Data Files (ENSDF)},
	year = {http://www.nndc.bnl.gov/ensdf/}
},
